<record><leader>00000cas a2200000 a 4500</leader><controlfield tag="001">11992385</controlfield><controlfield tag="008">850502d18851886ksuwr ne      0    0eng d</controlfield><datafield ind1=" " ind2=" " tag="010"><subfield code="a">sn 85030261 </subfield></datafield><datafield ind1=" " ind2=" " tag="040"><subfield code="a">KSH</subfield><subfield code="b">eng</subfield><subfield code="c">KSH</subfield><subfield code="d">NPT</subfield><subfield code="d">OCL</subfield><subfield code="d">OCLCQ</subfield></datafield><datafield ind1=" " ind2=" " tag="042"><subfield code="a">msc</subfield></datafield><datafield ind1="0" ind2="4" tag="245"><subfield code="a">The Neosho vivifier.</subfield></datafield><datafield ind1=" " ind2=" " tag="260"><subfield code="a">Neosho Rapids, Kan. :</subfield><subfield code="b">[s.n.],</subfield><subfield code="c">-1886.</subfield></datafield><datafield ind1=" " ind2=" " tag="300"><subfield code="a">v. ;</subfield><subfield code="c">58 cm.</subfield></datafield><datafield ind1=" " ind2=" " tag="310"><subfield code="a">Weekly</subfield></datafield><datafield ind1="0" ind2=" " tag="362"><subfield code="a">-v. 2, no. 4 (July 15, 1886).</subfield></datafield><datafield ind1="1" ind2=" " tag="362"><subfield code="a">Began in 1885.</subfield><subfield code="z">Cf. Ayer, 1886.</subfield></datafield><datafield ind1=" " ind2=" " tag="500"><subfield code="a">Published by: Wm. A. Webb, Oct. 21, 1885-May 27, 1886; Major A. Paul, June 3-July 15, 1886.</subfield></datafield><datafield ind1=" " ind2=" " tag="588"><subfield code="a">Description based on: Vol. 1, no. 16 (Oct. 7, 1885).</subfield></datafield><datafield ind1=" " ind2=" " tag="752"><subfield code="a">United States</subfield><subfield code="b">Kansas</subfield><subfield code="c">Lyon</subfield><subfield code="d">Neosho Rapids.</subfield></datafield><datafield ind1="0" ind2="0" tag="785"><subfield code="t">Neosho Valley press</subfield><subfield code="w">(DLC)sn 85030259</subfield></datafield><datafield ind1="1" ind2=" " tag="029"><subfield code="a">AU@</subfield><subfield code="b">000020378441</subfield></datafield></record>